

@article{author1999,
  title={A simple method of maths},
  author={lastname1, fn1 and lastname2, fn2 and lastname3, fn3},
  journal={Statistics in Maths},
  volume={101},
  number={11},
  pages={1234--1239},
  year={1999}
}


